<?xml version='1.0' encoding='utf-8'?>
<record xmlns="http://www.loc.gov/MARC21/slim" xmlns:xsi="http://www.w3.org/2001/XMLSchema-instance" xsi:schemaLocation="http://www.loc.gov/MARC21/slim http://www.loc.gov/standards/marcxml/schema/MARC21slim.xsd">
  <leader>00000npca 22005531? 4500</leader>
  <controlfield tag="005">20090623154845.0</controlfield>
  <controlfield tag="008">940131i18752006miu     |           eng |</controlfield>
  <datafield tag="035" ind1=" " ind2=" ">
    <subfield code="a">(RLIN)MIUV87-A257</subfield>
  </datafield>
  <datafield tag="035" ind1=" " ind2=" ">
    <subfield code="a">(OCoLC)ocm80452881</subfield>
  </datafield>
  <datafield tag="040" ind1=" " ind2=" ">
    <subfield code="a">MiU-H</subfield>
    <subfield code="c">MiU-H</subfield>
    <subfield code="e">appm</subfield>
    <subfield code="d">MiU</subfield>
  </datafield>
  <datafield tag="110" ind1="2" ind2=" ">
    <subfield code="a">University of Michigan.</subfield>
    <subfield code="b">Scientific Club.</subfield>
  </datafield>
  <datafield tag="245" ind1="0" ind2="0">
    <subfield code="a">Scientific Club (University of Michigan) records,</subfield>
    <subfield code="f">1875-2006.</subfield>
  </datafield>
  <datafield tag="300" ind1=" " ind2=" ">
    <subfield code="a">3.0 linear ft.</subfield>
  </datafield>
  <datafield tag="520" ind1=" " ind2=" ">
    <subfield code="a">Minutes, 1875-1886, of the club's predecessor, the Scientific Association, histories of the club, 1914, 1932, 1972 and 1998; photographs, 1974-2006; paper read before the club by Calvin Thomas, entitled, "The Devil," and papers by Warren P. Lombard on medical topics; and memorials to deceased members, including James P. Adams, Werner E. Bachman, Henry M. Bates, Wiliam W. Bishop, Arthur E. R. Boak, Mortimer E. Cooley, Edwin D. Dickinson, Earle W. Dow, Joseph R. Hayden, William H. Hobbs, Clarence T. Johnston, Hayward Keniston,</subfield>
  </datafield>
  <datafield tag="520" ind1=" " ind2=" ">
    <subfield code="a">Robert E. Moyers, George W. Patterson, Jesse S. Reeves, Claude H. Van Tyne, Victor C. Vaughan, Charles K. Wead, and Gardner S. Wiliams.</subfield>
  </datafield>
  <datafield tag="555" ind1="0" ind2=" ">
    <subfield code="a">Finding aid in the library.</subfield>
  </datafield>
  <datafield tag="555" ind1="0" ind2=" ">
    <subfield code="a">Finding aid available via the World Wide web at URL: http://quod.lib.umich.edu/cgi/f/findaid/findaid-idx?c=bhlead&amp;idno=umich-bhl-87257</subfield>
  </datafield>
  <datafield tag="500" ind1=" " ind2=" ">
    <subfield code="a">Donor: 2056</subfield>
  </datafield>
  <datafield tag="600" ind1="1" ind2="0">
    <subfield code="a">Adams, James P.</subfield>
    <subfield code="q">(James Pickwell),</subfield>
    <subfield code="d">1895-1969.</subfield>
  </datafield>
  <datafield tag="600" ind1="1" ind2="0">
    <subfield code="a">Bachman, Werner E.</subfield>
    <subfield code="q">(Werner Emmanuel),</subfield>
    <subfield code="d">1901-1951.</subfield>
  </datafield>
  <datafield tag="600" ind1="1" ind2="0">
    <subfield code="a">Bates, Henry Moore,</subfield>
    <subfield code="d">1869-1949.</subfield>
  </datafield>
  <datafield tag="600" ind1="1" ind2="0">
    <subfield code="a">Bates, Marston,</subfield>
    <subfield code="d">1906-1974.</subfield>
  </datafield>
  <datafield tag="600" ind1="1" ind2="0">
    <subfield code="a">Bishop, William Warner,</subfield>
    <subfield code="d">1871-1955.</subfield>
  </datafield>
  <datafield tag="600" ind1="1" ind2="0">
    <subfield code="a">Boak, Arthur E. R.</subfield>
    <subfield code="q">(Arthur Edward Romilly),</subfield>
    <subfield code="d">1888-1962.</subfield>
  </datafield>
  <datafield tag="600" ind1="1" ind2="0">
    <subfield code="a">Cooley, Mortimer E.</subfield>
    <subfield code="q">(Mortimer Elwyn),</subfield>
    <subfield code="d">1855-1944.</subfield>
  </datafield>
  <datafield tag="600" ind1="1" ind2="0">
    <subfield code="a">Dickinson, Edwin De Witt,</subfield>
    <subfield code="d">1887-1961.</subfield>
  </datafield>
  <datafield tag="600" ind1="1" ind2="0">
    <subfield code="a">Dow, Earle W.</subfield>
    <subfield code="q">(Earle Wilbur),</subfield>
    <subfield code="d">1868-1946.</subfield>
  </datafield>
  <datafield tag="600" ind1="1" ind2="0">
    <subfield code="a">Drake, Joseph H.</subfield>
    <subfield code="q">(Joseph Horace),</subfield>
    <subfield code="d">1860-1947.</subfield>
  </datafield>
  <datafield tag="600" ind1="1" ind2="0">
    <subfield code="a">Gomberg, Moses,</subfield>
    <subfield code="d">1866-1947.</subfield>
  </datafield>
  <datafield tag="600" ind1="1" ind2="0">
    <subfield code="a">Hayden, Joseph Ralston,</subfield>
    <subfield code="d">1887-1945.</subfield>
  </datafield>
  <datafield tag="600" ind1="1" ind2="0">
    <subfield code="a">Hobbs, William Herbert,</subfield>
    <subfield code="d">1864-1952.</subfield>
  </datafield>
  <datafield tag="600" ind1="1" ind2="0">
    <subfield code="a">Johnston, Clarence Thomas,</subfield>
    <subfield code="d">1872-1970.</subfield>
  </datafield>
  <datafield tag="600" ind1="1" ind2="0">
    <subfield code="a">Keniston, Hayward,</subfield>
    <subfield code="d">1883-</subfield>
  </datafield>
  <datafield tag="600" ind1="1" ind2="0">
    <subfield code="a">Lombard, Warren P.</subfield>
    <subfield code="q">(Warren Plimpton),</subfield>
    <subfield code="d">1855-1939.</subfield>
  </datafield>
  <datafield tag="650" ind1=" " ind2="0">
    <subfield code="a">Medicine</subfield>
    <subfield code="z">Michigan</subfield>
  </datafield>
  <datafield tag="600" ind1="1" ind2="0">
    <subfield code="a">Moyers, Robert E.,</subfield>
    <subfield code="d">1919-1996.</subfield>
  </datafield>
  <datafield tag="600" ind1="1" ind2="0">
    <subfield code="a">Patterson, George W.</subfield>
    <subfield code="q">(George Washington),</subfield>
    <subfield code="d">1864-1930.</subfield>
  </datafield>
  <datafield tag="600" ind1="1" ind2="0">
    <subfield code="a">Reeves, Jesse Siddall,</subfield>
    <subfield code="d">1872-</subfield>
  </datafield>
  <datafield tag="600" ind1="1" ind2="0">
    <subfield code="a">Van Tyne, Claude Halstead,</subfield>
    <subfield code="d">1869-1930.</subfield>
  </datafield>
  <datafield tag="600" ind1="1" ind2="0">
    <subfield code="a">Vaughan, Victor C.</subfield>
    <subfield code="q">(Victor Clarence),</subfield>
    <subfield code="d">1851-1929.</subfield>
  </datafield>
  <datafield tag="600" ind1="1" ind2="0">
    <subfield code="a">Wead, Charles Kasson,</subfield>
    <subfield code="d">1848-1925.</subfield>
  </datafield>
  <datafield tag="600" ind1="1" ind2="0">
    <subfield code="a">Williams, Gardner Stewart,</subfield>
    <subfield code="d">1866-1931.</subfield>
  </datafield>
  <datafield tag="610" ind1="2" ind2="0">
    <subfield code="a">University of Michigan</subfield>
    <subfield code="x">Faculty.</subfield>
  </datafield>
  <datafield tag="700" ind1="1" ind2=" ">
    <subfield code="a">Thomas, Calvin,</subfield>
    <subfield code="d">1854-1919.</subfield>
  </datafield>
  <datafield tag="710" ind1="2" ind2=" ">
    <subfield code="a">University of Michigan.</subfield>
    <subfield code="b">Scientific Association.</subfield>
  </datafield>
  <datafield tag="856" ind1="4" ind2="2">
    <subfield code="3">Finding aid :</subfield>
    <subfield code="u">http://quod.lib.umich.edu/cgi/f/findaid/findaid-idx?c=bhlead&amp;idno=umich-bhl-87257</subfield>
  </datafield>
  <datafield tag="852" ind1=" " ind2=" ">
    <subfield code="a">Bentley Historical Library,</subfield>
    <subfield code="b">University of Michigan,</subfield>
    <subfield code="c">Ann Arbor, Michigan 48109-2113</subfield>
  </datafield>
  <datafield tag="998" ind1=" " ind2=" ">
    <subfield code="s">9554</subfield>
  </datafield>
</record>
